@inproceedings{hosman1999criteria,
  title={Are criteria for motion cueing and time delays possible?},
  author={Hosman, Ruud},
  booktitle={Modeling and Simulation Technologies Conference and Exhibit},
  pages={4028},
  year={1999}
}

@article{pool2016effects,
  title={Effects of simulator motion feedback on training of skill-based control behavior},
  author={Pool, Daan M and Harder, Gertjan A and van Paassen, Marinus M},
  journal={Journal of Guidance, Control, and Dynamics},
  volume={39},
  number={4},
  pages={889--902},
  year={2016},
  publisher={American Institute of Aeronautics and Astronautics}
}


@article{mcruer1967review,
  title={A review of quasi-linear pilot models},
  author={McRuer, Duane T and Jex, Henry R},
  journal={IEEE transactions on human factors in electronics},
  number={3},
  pages={231--249},
  year={1967},
  publisher={IEEE}
}

@article{stapleford1967pilot,
  title={Pilot describing function measurements in a multiloop task},
  author={Stapleford, Robert L and McRuer, Duane T and Magdaleno, RAYMOND E},
  journal={IEEE Transactions on Human Factors in Electronics},
  number={2},
  pages={113--125},
  year={1967},
  publisher={IEEE}
}

@misc{experimentplan,
    author    = "D. M. Pool",
    title     = "Experiment Plan: Effects of Training on Pilots' Manual Control Skills",
    howpublished = "",
    year     = "2021",
    month    = "March 10",
    note     = "",
}

@article{zaal2009modeling,
  title={Modeling human multimodal perception and control using genetic maximum likelihood estimation},
  author={Zaal, Peter M. T. and Pool, Daan M. and Chu, Q. P. and Van Paassen, Marinus M. and Mulder, Max and Mulder, Jan A.},
  journal={Journal of Guidance, Control, and Dynamics},
  volume={32},
  number={4},
  pages={1089--1099},
  year={2009}
}

@INPROCEEDINGS{cp:Levison1979,
author       = {Levison, William H. and Lancraft, Roy E. and Junker, Andrew M.},
title        = {{E}ffects of {S}imulator {D}elays on {P}erformance and {L}earning in a {R}oll-{A}xis {T}racking {T}ask},
booktitle    = {Proceedings of the Fifteenth Annual Conference on Manual Control, Dayton (OH)},
year         = {1979},
pages        = {168-186}
}

@UNPUBLISHED {ref:experimentplan,
    author = "S. Bootsma and T. A. Mennink and M. Sarkar",
    title  = "Experiment Plan Group 1",
    note   = "Assignment for the course AE4316P: Advanced Topics in Aerospace Human-Machine Systems, TU Delft"
}
@article{zaal2009use,
  title={Use of pitch and heave motion cues in a pitch control task},
  author={Zaal, Peter MT and Pool, Daan M and de Bruin, Jaap and Mulder, Max and van Paassen, Marinus M},
  journal={Journal of Guidance, Control, and Dynamics},
  volume={32},
  number={2},
  pages={366--377},
  year={2009}
}